@misc{vaswani2023attentionneed,
	title={Attention Is All You Need}, 
	author={Ashish Vaswani and Noam Shazeer and Niki Parmar and Jakob Uszkoreit and Llion Jones and Aidan N. Gomez and Lukasz Kaiser and Illia Polosukhin},
	year={2023},
	eprint={1706.03762},
	archivePrefix={arXiv},
	primaryClass={cs.CL},
	url={https://arxiv.org/abs/1706.03762}, 
}

@misc{veličković2018graphattentionnetworks,
	title={Graph Attention Networks}, 
	author={Petar Veličković and Guillem Cucurull and Arantxa Casanova and Adriana Romero and Pietro Liò and Yoshua Bengio},
	year={2018},
	eprint={1710.10903},
	archivePrefix={arXiv},
	primaryClass={stat.ML},
	url={https://arxiv.org/abs/1710.10903}, 
}

@inproceedings{reimers-2019-sentence-bert,
	title = "Sentence-BERT: Sentence Embeddings using Siamese BERT-Networks",
	author = "Reimers, Nils and Gurevych, Iryna",
	booktitle = "Proceedings of the 2019 Conference on Empirical Methods in Natural Language Processing",
	month = "11",
	year = "2019",
	publisher = "Association for Computational Linguistics",
	url = "https://arxiv.org/abs/1908.10084",
}

@misc{wang2020minilmdeepselfattentiondistillation,
	title={MiniLM: Deep Self-Attention Distillation for Task-Agnostic Compression of Pre-Trained Transformers}, 
	author={Wenhui Wang and Furu Wei and Li Dong and Hangbo Bao and Nan Yang and Ming Zhou},
	year={2020},
	eprint={2002.10957},
	archivePrefix={arXiv},
	primaryClass={cs.CL},
	url={https://arxiv.org/abs/2002.10957}, 
}

@misc{devlin2019bertpretrainingdeepbidirectional,
	title={BERT: Pre-training of Deep Bidirectional Transformers for Language Understanding}, 
	author={Jacob Devlin and Ming-Wei Chang and Kenton Lee and Kristina Toutanova},
	year={2019},
	eprint={1810.04805},
	archivePrefix={arXiv},
	primaryClass={cs.CL},
	url={https://arxiv.org/abs/1810.04805}, 
}

@misc{kipf2017semisupervisedclassificationgraphconvolutional,
	title={Semi-Supervised Classification with Graph Convolutional Networks}, 
	author={Thomas N. Kipf and Max Welling},
	year={2017},
	eprint={1609.02907},
	archivePrefix={arXiv},
	primaryClass={cs.LG},
	url={https://arxiv.org/abs/1609.02907}, 
}